@article{conser2019revisiting,
  title   = {Revisiting Visual Grounding},
  author  = {Conser, Erik and Hahn, Kennedy and Watson, Chandler M and Mitchell, Melanie},
  journal = {arXiv preprint arXiv:1904.02225},
  year    = {2019}
}
